<?xml version="1.0" encoding="UTF-8" standalone="yes"?><bib><mms_id>9978021305103681</mms_id><record_format>marc21</record_format><linked_record_id/><title>Hildegard von Bingen's Physica the complete English translation of her classic work on health and healing</title><author>Hildegard</author><isbn>0892816619</isbn><place_of_publication>Rochester (Vt.) London (England)</place_of_publication><publisher_const>Macmillan London</publisher_const><holdings link="https://api-na.hosted.exlibrisgroup.com/almaws/v1/bibs/9978021305103681/holdings"/><created_by>System</created_by><created_date>2022-01-12Z</created_date><last_modified_by>exl_api</last_modified_by><last_modified_date>2022-01-12Z</last_modified_date><suppress_from_publishing>false</suppress_from_publishing><suppress_from_external_search>true</suppress_from_external_search><sync_with_oclc>NONE</sync_with_oclc><sync_with_libraries_australia>NONE</sync_with_libraries_australia><originating_system>LOC</originating_system><originating_system_id>9978021305103681</originating_system_id><cataloging_level desc="Default Level">00</cataloging_level><record>
  <leader>01497nam a2200289uu 4500</leader>
  <controlfield tag="001">9978021305103681</controlfield>
  <controlfield tag="008">200915|||||||||enk                 eng||</controlfield>
  <controlfield tag="005">20220112153901.0</controlfield>
  <datafield ind1=" " ind2=" " tag="010">
    <subfield code="a">981811</subfield>
  </datafield>
  <datafield ind1=" " ind2=" " tag="020">
    <subfield code="a">0892816619</subfield>
    <subfield code="q">(hardcover)</subfield>
  </datafield>
  <datafield ind1=" " ind2=" " tag="040">
    <subfield code="a">cst</subfield>
    <subfield code="b">eng</subfield>
    <subfield code="c">cst</subfield>
    <subfield code="e">rda</subfield>
  </datafield>
  <datafield ind1=" " ind2="0" tag="050">
    <subfield code="a">R128.H5313</subfield>
    <subfield code="b">1998</subfield>
  </datafield>
  <datafield ind1="0" ind2=" " tag="100">
    <subfield code="a">Hildegard</subfield>
    <subfield code="c">Saint,</subfield>
    <subfield code="d">1098-1179</subfield>
    <subfield code="0">http://id.loc.gov/authorities/names/n80118409</subfield>
  </datafield>
  <datafield ind1="1" ind2="0" tag="245">
    <subfield code="a">Hildegard von Bingen's Physica</subfield>
    <subfield code="b">the complete English translation of her classic work on health and healing</subfield>
    <subfield code="c">translated from the Latin by Priscilla Throop ; illustrations by Mary Elder Jacobsen</subfield>
  </datafield>
  <datafield ind1="0" ind2=" " tag="246">
    <subfield code="a">Physica</subfield>
  </datafield>
  <datafield ind1=" " ind2="1" tag="264">
    <subfield code="a">Rochester (Vt.)</subfield>
    <subfield code="a">London (England)</subfield>
    <subfield code="b">Macmillan London</subfield>
  </datafield>
  <datafield ind1=" " ind2=" " tag="300">
    <subfield code="a">250 pages</subfield>
  </datafield>
  <datafield ind1=" " ind2=" " tag="300">
    <subfield code="c">24 cm</subfield>
  </datafield>
  <datafield ind1=" " ind2=" " tag="336">
    <subfield code="c">txt</subfield>
    <subfield code="0">http://id.loc.gov/vocabulary/contentTypes/txt</subfield>
    <subfield code="2">rdacontent</subfield>
  </datafield>
  <datafield ind1=" " ind2=" " tag="337">
    <subfield code="a">unmediated</subfield>
    <subfield code="c">n</subfield>
    <subfield code="0">http://id.loc.gov/vocabulary/mediaTypes/n</subfield>
    <subfield code="2">rdamedia</subfield>
  </datafield>
  <datafield ind1=" " ind2=" " tag="338">
    <subfield code="a">volume</subfield>
    <subfield code="c">nc</subfield>
    <subfield code="0">http://id.loc.gov/vocabulary/carriers/nc</subfield>
    <subfield code="2">rdacarrier</subfield>
  </datafield>
  <datafield ind1=" " ind2=" " tag="500">
    <subfield code="a">Includes index</subfield>
  </datafield>
  <datafield ind1=" " ind2="0" tag="650">
    <subfield code="a">Medicine, Medieval</subfield>
    <subfield code="0">http://id.loc.gov/authorities/subjects/sh85083152</subfield>
  </datafield>
  <datafield ind1=" " ind2="0" tag="655">
    <subfield code="a">Handbooks and manuals</subfield>
    <subfield code="0">http://id.loc.gov/authorities/genreForms/gf2014026109</subfield>
    <subfield code="2">lcgft</subfield>
  </datafield>
  <datafield ind1="1" ind2=" " tag="700">
    <subfield code="a">Throop, Priscilla</subfield>
    <subfield code="d">1946-</subfield>
    <subfield code="0">http://id.loc.gov/authorities/names/n98031191</subfield>
  </datafield>
  <datafield ind1="1" ind2=" " tag="700">
    <subfield code="a">Jacobsen, Mary Elder</subfield>
    <subfield code="0">http://id.loc.gov/authorities/names/no2012148249</subfield>
  </datafield>
  <datafield ind1=" " ind2=" " tag="884">
    <subfield code="a">Sinopia rdf2marc</subfield>
    <subfield code="g">20210921</subfield>
    <subfield code="k">https://api.stage.sinopia.io/resource/3eb5f480-60d6-4732-8daf-02d8d6f26eb7</subfield>
    <subfield code="u">https://github.com/LD4P/rdf2marc</subfield>
  </datafield>
</record></bib>